
@incollection{a2009OntologyDesignPatterns,
	author = {A, Gangemi and V, Presutti},
	date = {2009},
	title = {Ontology design patterns},
	publisher = {Springer},
	pages = {221–243},
	booktitle = {Handbook on ontologies}
}

@article{a2024ComprehensiveOverviewOntology,
	author = {A, Patel and NC, Debnath},
	date = {2024},
	title = {A comprehensive overview of ontology: Fundamental and research directions},
	volume = {17},
	pages = {2–20},
	doi = {DOI:10.2174/},
	journal = {Current Materials Science: Formerly: Recent Patents on Materials Science},
	number = {1}
}

@inproceedings{a2024StructuringSustainabilityReports,
	author = {A, Usmanova and R, Usbeck},
	date = {2024},
	title = {Structuring sustainability reports for environmental standards with LLMs guided by ontology},
	pages = {168–177},
	booktitle = {Proceedings of the 1st Workshop on Natural Language Processing Meets Climate Change}
}

@inproceedings{achichi2018DoremusGraphLinked,
	author = {Achichi, M. and Lisena, P. and Todorov, K. and R, Troncy and Delahousse, J.},
	date = {2018},
	title = {Doremus: A graph of linked musical works},
	publisher = {Springer},
	pages = {3–19},
	booktitle = {The Semantic Web–ISWC 2018: 17th International Semantic Web Conference},
	type = {Proceedings, Part II 17.},
	address = {Monterey, CA, USA}
}

@misc{ahuja2024SampleEfficientMultilingual,
	title = {Sample efficient multilingual instruction fine-tuning through n-shot guided prompting},
	author = {Ahuja, S. and Tanmay, K. and Chauhan, H.H. and Patra, B. and Aggarwal, K. and Del Corro, L. and Mitra, A. and Dhamecha, T.I. and Awadallah, A. and M, Choudhary},
	date = {2024},
	note = {sphinx: Sample efficient multilingual instruction fine-tuning through n-shot guided prompting. arXiv preprint arXiv:2407.09879 .},
	arxiv = {2407.09879}
}

@inproceedings{alharbi2024ExperimentInRetrofitting,
	author = {Alharbi, R. and Tamma, V. and F, Grasso and Payne, T.},
	date = {2024},
	title = {An experiment in retrofitting competency questions for existing ontologies},
	pages = {1650–1658},
	doi = {10.1145/3605098.3636053.},
	booktitle = {Proceedings of the 39th ACM/SIGAPP Symposium on Applied Computing}
}

@inproceedings{alharbi2024InvestigatingOpenSource,
	author = {Alharbi, R. and Tamma, V. and F, Grasso and Payne, T.R.},
	date = {2024},
	title = {Investigating open source llms to retrofit competency questions in ontology engineering},
	volume = {4},
	pages = {188–198},
	booktitle = {Proceedings of the AAAI Symposium Series}
}

@inproceedings{amaral2022WdvBroadData,
	author = {Amaral, G. and O, Rodrigues and Simperl, E.},
	date = {2022},
	title = {WDV: A broad data verbalisation dataset built from wikidata},
	publisher = {Springer},
	pages = {556–574},
	booktitle = {International Semantic Web Conference}
}

@book{baader2017IntroductionDescriptionLogic,
	author = {Baader, F. and Horrocks, I. and C, Lutz and Sattler, U.},
	date = {2017},
	title = {An introduction to description logic},
	publisher = {Cambridge University Press},
	doi = {10.1017/9781139025355.}
}

@article{barman2024BeyondTransparencyExplainability,
	author = {Barman, K.G. and N, Wood and Pawlowski, P.},
	date = {2024},
	title = {Beyond transparency and explainability: on the need for adequate and contextualized user guidelines for LLM use},
	volume = {26},
	pages = {47},
	journal = {Ethics and Information Technology},
	number = {3}
}

@article{bennett2013FinancialIndustryBusiness,
	author = {Bennett, M.},
	date = {2013},
	title = {The financial industry business ontology: Best practice for big data},
	volume = {14},
	pages = {255–268},
	journal = {Journal of Banking Regulation},
	number = {3}
}

@inproceedings{bischof2024LlmBasedGuided,
	author = {Bischof, S. and Filtz, E. and JX, Parreira and Steyskal, S.},
	date = {2024},
	title = {Llm-based guided generation of ontology term definitions},
	publisher = {Springer},
	pages = {133–137},
	booktitle = {European Semantic Web Conference}
}

@incollection{bittner2005OntologySemanticInteroperability,
	author = {Bittner, T. and M, Donnelly and Winter, S.},
	date = {2005},
	title = {Ontology and semantic interoperability},
	publisher = {CRC Press},
	pages = {139–160},
	booktitle = {Large-scale 3D data integration}
}

@article{bodenreider2004UnifiedMedicalLanguage,
	author = {Bodenreider, O.},
	date = {2004},
	title = {The unified medical language system (umls): integrating biomedical terminology},
	volume = {32},
	pages = {267– 270},
	journal = {Nucleic acids research},
	number = {suppl_1}
}

@misc{bommasani2021OpportunitiesRisksFoundation,
	author = {Bommasani, R. and Hudson, D.A. and Adeli, E. and Altman, R. and Arora, S. and Arx, S. and Bernstein, M.S. and Bohg, J. and Bosselut, A. and E, Brunskill},
	date = {2021},
	title = {On the opportunities and risks of foundation models},
	note = {arXiv preprint arXiv:2108.07258 .},
	arxiv = {2108.07258}
}

@misc{brown2020LanguageModelsAre,
	author = {Brown, T.B. and Mann, B. and Ryder, N. and Subbiah, M. and Kaplan, J. and Dhariwal, P. and Neelakantan, A. and Shyam, P. and Sastry, G. and Askell, A. and Agarwal, S. and Herbert-Voss, A. and Krueger, G. and Henighan, T. and Child, R. and Ramesh, A. and Ziegler, D.M. and Wu, J. and Winter, C. and Hesse, C. and Chen, M. and Sigler, E. and Litwin, M. and Gray, S. and Chess, B. and Clark, J. and Berner, C. and McCandlish, S. and Radford, A. and I, Sutskever and Amodei, D.},
	date = {2020},
	title = {Language models are few-shot learners},
	url = {https://arxiv.org/abs/2005.14165.}
}

@misc{coutinho2024LeveragingLlmsIn,
	author = {Coutinho, M.L.},
	date = {2024},
	title = {Leveraging llms in text-based ontology-driven conceptual modeling}
}

@article{d2014WikidataFreeCollaborative,
	author = {D, Vrandecic and M, Krötzsch},
	date = {2014},
	title = {Wikidata: a free collaborative knowledgebase},
	volume = {57},
	pages = {78–85},
	doi = {10.1145/2629489.},
	journal = {Communications of the ACM},
	number = {10}
}

@article{davies2010CorpusContemporaryAmerican,
	author = {Davies, M.},
	date = {2010},
	title = {The corpus of contemporary american english as the first reliable monitor corpus of english},
	volume = {25},
	pages = {447–464},
	journal = {Literary and linguistic computing},
	number = {4}
}

@misc{deepmind2023GeminiFamilyHighly,
	author = {DeepMind, G.},
	date = {2023},
	title = {Gemini: A family of highly capable multimodal models},
	url = {arXiv:2312.11805 .}
}

@article{diehl2016CellOntology2016,
	author = {Diehl, A.D. and Meehan, T.F. and Bradford, Y.M. and Brush, M.H. and Dahdul, W.M. and Dougall, D.S. and He, Y. and Osumi-Sutherland, D. and Ruttenberg, A. and S, Sarntivijai},
	date = {2016},
	title = {The cell ontology 2016: enhanced content, modularization, and ontology interoperability},
	volume = {7},
	pages = {1–10},
	journal = {Journal of biomedical semantics}
}

@inproceedings{dong2023OntologyEnrichmentTexts,
	author = {Dong, H. and Chen, J. and Y, He and Horrocks, I.},
	date = {2023},
	title = {Ontology enrichment from texts: A biomedical dataset for concept discovery and placement},
	pages = {5316–5320},
	booktitle = {Proceedings of the 32nd ACM International Conference on Information and Knowledge Management}
}

@incollection{dong2024LanguageModelBased,
	author = {Dong, H. and Chen, J. and He, Y. and Y, Gao and Horrocks, I.},
	date = {2024},
	title = {A language model based framework for new concept placement in ontologies},
	editor = {A, Meroño Peñuela and A, Dimou and R, Troncy and O, Hartig and M, Acosta and M, Alam and H, Paulheim and P, Lisena},
	publisher = {Springer Nature Switzerland},
	isbn = {978-3-031-60626-7},
	pages = {79–99},
	booktitle = {The Semantic Web},
	address = {Cham}
}

@inproceedings{doumanas2024IntegratingLlmsIn,
	author = {Doumanas, D. and Soularidis, A. and K, Kotis and Vouros, G.},
	date = {2024},
	title = {Integrating llms in the engineering of a sar ontology},
	publisher = {Springer},
	pages = {360–374},
	booktitle = {IFIP International Conference on Artificial Intelligence Applications and Innovations}
}

@misc{drobnjakovic2022IndustrialOntologiesFoundry,
	title = {The industrial ontologies foundry (iof) core ontology},
	author = {Drobnjakovic, M. and Kulvatunyou, B. and Ameri, F. and Will, C. and B, Smith and Jones, A.},
	date = {2022},
	note = {The industrial ontologies foundry (iof) core ontology .}
}

@misc{du2023StaticDynamicContinual,
	author = {Du, M. and Luu, A.T. and B, Ji and Sk, Ng},
	date = {2023},
	title = {From static to dynamic: A continual learning framework for large language models},
	note = {arXiv preprint arXiv:2310.14248 .},
	arxiv = {2310.14248}
}

@inproceedings{eells2024CommonsenseOntologyMicropatterns,
	author = {Eells, A. and Dave, B. and P, Hitzler and Shimizu, C.},
	date = {2024},
	title = {Commonsense ontology micropatterns},
	publisher = {Springer},
	pages = {51–59},
	booktitle = {International Conference on Neural-Symbolic Learning and Reasoning}
}

@misc{ehsani2025TowardDetectingPrompt,
	title = {Toward detecting prompt knowledge gaps for improved LLM-guided issue resolution},
	author = {Ehsani, R. and S, Pathak and Chatterjee, P.},
	date = {2025},
	note = {Towards detecting prompt knowledge gaps for improved LLM-guided issue resolution. arXiv preprint arXiv:2501.11709 .},
	arxiv = {2501.11709}
}

@article{es2009ComparisonScopusWeb,
	author = {ES, Vieira and JA, Gomes},
	date = {2009},
	title = {A comparison of scopus and web of science for a typical university},
	volume = {81},
	pages = {587–600},
	journal = {Scientometrics}
}

@misc{fan2023NphardevalDynamicBenchmark,
	author = {Fan, L. and Hua, W. and Li, L. and H, Ling and Zhang, Y.},
	date = {2023},
	title = {Nphardeval: Dynamic benchmark on reasoning ability of large language models via complexity classes},
	note = {arXiv preprint arXiv:2312.14890 .},
	arxiv = {2312.14890}
}

@misc{fathallah2024Llms4lifeLargeLanguage,
	author = {Fathallah, N. and S, Staab and Algergawy, A.},
	date = {2024},
	title = {Llms4life: Large language models for ontology learning in life sciences},
	note = {arXiv preprint arXiv:2412.02035 .},
	arxiv = {2412.02035}
}

@inproceedings{fathallah2024NeonGptLarge,
	author = {Fathallah, N. and Das, A. and Giorgis, S.D. and Poltronieri, A. and P, Haase and Kovriguina, L.},
	date = {2024},
	title = {Neon-gpt: a large language model-powered pipeline for ontology learning},
	publisher = {Springer},
	pages = {36–50},
	booktitle = {European Semantic Web Conference}
}

@inproceedings{fernandezizquierdo2019CoralCorpusOntological,
	author = {Fernández-Izquierdo, A. and M, Poveda-Villalón and García-Castro, R.},
	date = {2019},
	title = {CORAL: a corpus of ontological requirements annotated with lexico-syntactic patterns},
	volume = {Proceedings 16},
	publisher = {Springer},
	pages = {443–458},
	booktitle = {The Semantic Web: 16th International Conference, ESWC 2019},
	address = {Portorož, Slovenia}
}

@misc{fernandezlópez1997MethontologyOntologicalArt,
	title = {Methontology: from ontological art towards ontological engineering},
	author = {Fernández-López, M. and A, Gómez-Pérez and Juristo, N.},
	date = {1997},
	note = {Methontology: from ontological art towards ontological engineering .}
}

@misc{funk2023TowardsOntologyConstruction,
	author = {Funk, M. and Hosemann, S. and JC, Jung and Lutz, C.},
	date = {2023},
	title = {Towards ontology construction with language models},
	note = {arXiv preprint arXiv:2309.09898 .},
	arxiv = {2309.09898}
}

@inproceedings{garijo2024LlmsOntologyEngineering,
	author = {Garijo, D. and Poveda-Villalón, M. and Amador-Dominguez, E. and Wang, Z. and R, García-Castro and Corcho, O.},
	date = {2024},
	title = {Llms for ontology engineering: A landscape of tasks and benchmarking challenges},
	url = {https://ceur-ws.org/Vol-3953/364.},
	note = {pdf.},
	booktitle = {Proceedings of the Special Session on Harmonising Generative AI and Semantic Web Technologies (HGAIS 2024) co-located with the 23rd International Semantic Web Conference (ISWC 2024). URL}
}

@inproceedings{giglou2024Llms4ol2024Datasets,
	author = {Giglou, H.B. and D’Souza, J. and S, Sadruddin and Auer, S.},
	date = {2024},
	title = {Llms4ol 2024 datasets: Toward ontology learning with large language models},
	volume = {4},
	pages = {17–30},
	booktitle = {Open Conference Proceedings}
}

@article{giri2024Go2sumGeneratingHuman,
	author = {Giri, S.J. and N, Ibtehaz and Kihara, D.},
	date = {2024},
	title = {Go2sum: generating human-readable functional summary of proteins from go terms},
	volume = {10},
	pages = {29},
	journal = {npj Systems Biology and Applications},
	number = {1}
}

@article{glauer2024InterpretableOntologyExtension,
	author = {Glauer, M. and Memariani, A. and Neuhaus, F. and T, Mossakowski and Hastings, J.},
	date = {2024},
	title = {Interpretable ontology extension in chemistry},
	volume = {15},
	pages = {937–958},
	journal = {Semantic Web},
	number = {4}
}

@misc{goyal2022NewsSummarizationEvaluation,
	author = {Goyal, T. and JJ, Li and Durrett, G.},
	date = {2022},
	title = {News summarization and evaluation in the era of gpt-3},
	note = {arXiv preprint arXiv:2209.12356 .},
	arxiv = {2209.12356}
}

@inproceedings{goyal2024SilpNlpAt,
	author = {Goyal, P.K. and S, Singh and Tiwary, U.S.},
	date = {2024},
	title = {silp_nlp at llms4ol 2024 tasks a, b, and c: Ontology learning through prompts with llms},
	volume = {4},
	pages = {31–38},
	booktitle = {Open Conference Proceedings}
}

@misc{grattafiori2024Llama3Herd,
	author = {Grattafiori, A. and Dubey, A. and Jauhri, A. and Pandey, A. and Kadian, A. and Al-Dahle, A. and Letman, A. and Mathur, A. and Schelten, A. and A, Vaughan},
	date = {2024},
	title = {The llama 3 herd of models},
	note = {arXiv preprint arXiv:2407.21783 .},
	arxiv = {2407.21783}
}

@article{guha2016Schema,
	author = {Guha, R.V. and D, Brickley and Macbeth, S.},
	date = {2016},
	title = {Schema.org: evolution of structured data on the web},
	volume = {59},
	pages = {44–51},
	doi = {10.1145/2844544.},
	journal = {Commun. ACM},
	number = {2}
}

@article{guizzardi2015TowardsOntologicalFoundations,
	author = {Guizzardi, G. and Wagner, G. and JPA, Almeida and Guizzardi, R.S.},
	date = {2015},
	title = {Towards ontological foundations for conceptual modeling: The unified foundational ontology (ufo) story},
	volume = {10},
	pages = {259–271},
	journal = {Applied ontology},
	number = {3-4}
}

@article{gómezpérez1999OntologicalEngineeringState,
	author = {Gómez-Pérez, A.},
	date = {1999},
	title = {Ontological engineering: A state of the art},
	volume = {2},
	pages = {33–43},
	journal = {Expert Update: Knowledge Based Systems and Applied Artificial Intelligence},
	number = {3}
}

@misc{h2023Llama2Open,
	author = {H, Touvron},
	date = {2023},
	title = {Llama 2: Open foundation and fine-tuned chat models},
	url = {arXiv:2307.09288 .}
}

@inproceedings{h2023Llms4olLargeLanguage,
	author = {H, Babaei Giglou and J, D.’Souza and S, Auer},
	date = {2023},
	title = {Llms4ol: Large language models for ontology learning},
	publisher = {Springer},
	pages = {408–427},
	booktitle = {International Semantic Web Conference}
}

@inproceedings{h2024ImportanceModularStructure,
	author = {H, Wu and X, Yu},
	date = {2024},
	title = {The importance of modular structure in artificial intelligence algorithm evaluation},
	pages = {1–6},
	booktitle = {2024 International Conference on Intelligent Education and Intelligent Research (IEIR). IEEE}
}

@misc{han2024HybridmindMetaSelection,
	author = {Han, S. and Liu, T. and Li, C. and X, Xiong and Cohan, A.},
	date = {2024},
	title = {Hybridmind: Meta selection of natural language and symbolic language for enhanced LLM reasoning},
	note = {arXiv e-prints : arXiv–2409.}
}

@misc{he2023ExploringLargeLanguage,
	author = {He, Y. and Chen, J. and H, Dong and Horrocks, I.},
	date = {2023},
	title = {Exploring large language models for ontology alignment},
	note = {arXiv preprint arXiv:2309.07172 .},
	arxiv = {2309.07172}
}

@inproceedings{heindorf2022EvolearnerLearningDescription,
	author = {Heindorf, S. and Blübaum, L. and Düsterhus, N. and Werner, T. and Golani, V.N. and C, Demir and Ngonga Ngomo, A.C.},
	date = {2022},
	title = {Evolearner: Learning description logics with evolutionary algorithms},
	pages = {818–828},
	booktitle = {Proceedings of the ACM Web Conference}
}

@article{hitzler2022NeuroSymbolicApproaches,
	author = {Hitzler, P. and Eberhart, A. and Ebrahimi, M. and MK, Sarker and Zhou, L.},
	date = {2022},
	title = {Neuro-symbolic approaches in artificial intelligence},
	volume = {9},
	pages = {035},
	journal = {National Science Review},
	number = {6}
}

@misc{hoffmann2022TrainingComputeOptimal,
	author = {Hoffmann, J. and Borgeaud, S. and Mensch, A. and Buchatskaya, E. and Cai, T. and Rutherford, E. and DdL, Casas and Hendricks, L.A. and Welbl, J. and A, Clark},
	date = {2022},
	title = {Training compute-optimal large language models},
	note = {arXiv preprint arXiv:2203.15556 .},
	arxiv = {2203.15556}
}

@article{hogan2021KnowledgeGraphs,
	author = {Hogan, A. and Blomqvist, E. and Cochez, M. and d’Amato, C. and Melo, G.D. and Gutierrez, C. and Kirrane, S. and Gayo, J.E.L. and Navigli, R. and S, Neumaier},
	date = {2021},
	title = {Knowledge graphs},
	volume = {54},
	pages = {1–37},
	journal = {ACM Computing Surveys (Csur},
	number = {4}
}

@article{huang2025SurveyHallucinationIn,
	author = {Huang, L. and Yu, W. and Ma, W. and Zhong, W. and Feng, Z. and Wang, H. and Chen, Q. and Peng, W. and Feng, X. and B, Qin},
	date = {2025},
	title = {A survey on hallucination in large language models: Principles, taxonomy, challenges, and open questions},
	volume = {43},
	pages = {1–55},
	journal = {ACM Transactions on Information Systems},
	number = {2}
}

@article{hull2008DefrostingDigitalLibrary,
	author = {Hull D, Pettifer SR and DB, Kell},
	date = {2008},
	title = {Defrosting the digital library: bibliographic tools for the next generation web},
	volume = {4},
	pages = {1000204},
	journal = {PLoS computational biology},
	number = {10}
}

@misc{j2022TowardsReasoningIn,
	author = {J, Huang and KCC, Chang},
	date = {2022},
	title = {Towards reasoning in large language models: A survey},
	note = {arXiv preprint arXiv:2212.10403 .},
	arxiv = {2212.10403}
}

@inproceedings{j2023PolifoniaOntologyNetwork,
	author = {J, Berardinis and VA, Carriero and N, Jain and N, Lazzari and A, Meroño-Peñuela and A, Poltronieri and V, Presutti},
	date = {2023},
	title = {The polifonia ontology network: Building a semantic backbone for musical heritage},
	publisher = {Springer},
	pages = {302–322},
	booktitle = {International Semantic Web Conference}
}

@misc{jayasuriya2025SparcSubspaceAware,
	author = {Jayasuriya, D. and Tayebati, S. and Ettori, D. and R, Krishnan and Trivedi, A.R.},
	date = {2025},
	title = {Sparc: Subspace-aware prompt adaptation for robust continual learning in LLMs},
	note = {arXiv preprint arXiv:2502.02909 .},
	arxiv = {2502.02909}
}

@article{jel2004ApplyingWebOntology,
	author = {JEL, Vergara and VA, Villagrá and J, Berrocal},
	date = {2004},
	title = {Applying the web ontology language to management information definitions},
	volume = {42},
	pages = {68–74},
	doi = {10.1109/MCOM.2004.1316535.},
	journal = {IEEE Communications Magazine},
	number = {7}
}

@article{jiang2024SelfPlanningCode,
	author = {Jiang, X. and Dong, Y. and Wang, L. and Fang, Z. and Shang, Q. and Li, G. and Z, Jin and Jiao, W.},
	date = {2024},
	title = {Self-planning code generation with large language models},
	volume = {33},
	pages = {1–30},
	journal = {ACM Transactions on Software Engineering and Methodology},
	number = {7}
}

@misc{jindal2024BirbalEfficient7b,
	author = {Jindal, A.K. and PK, Rajpoot and Parikh, A.},
	date = {2024},
	title = {Birbal: An efficient 7b instruct-model fine-tuned with curated datasets},
	note = {arXiv preprint arXiv:2403.02247 .},
	arxiv = {2403.02247}
}

@article{joachimiak2024ArtificialIntelligenceOntology,
	author = {Joachimiak, M.P. and Miller, M.A. and Caufield, J.H. and Ly, R. and Harris, N.L. and Tritt, A. and CJ, Mungall and Bouchard, K.E.},
	date = {2024},
	title = {The artificial intelligence ontology: LLM-assisted construction of ai concept hierarchies},
	volume = {},
	pages = {15705838241304103},
	journal = {Applied Ontology}
}

@book{johnsen2025DevelopingAiApplications,
	author = {Johnsen, M.},
	date = {2025},
	title = {Developing AI Applications With Large Language Models},
	publisher = {Maria Johnsen}
}

@book{js2022TowardsFrameworkContinuous,
	author = {JS, Salamon and MP, Barcellos},
	date = {2022},
	title = {Towards a framework for continuous ontology engineering},
	publisher = {ONTOBRAS},
	pages = {158–165},
	address = {In}
}

@article{k2006SnomedCtAdvanced,
	author = {K, Donnelly},
	date = {2006},
	title = {Snomed-ct: The advanced terminology and coding system for ehealth},
	volume = {121},
	pages = {279},
	journal = {Studies in health technology and informatics}
}

@misc{k2023SentimentgptExploitingGpt,
	author = {K, Kheiri and H, Karimi},
	date = {2023},
	title = {Sentimentgpt: Exploiting gpt for advanced sentiment analysis and its departure from current machine learning},
	note = {arXiv preprint arXiv:2307.10234 .},
	arxiv = {2307.10234}
}

@inproceedings{k2024OntologyKnowledgeGraph,
	author = {K, Dimitropoulos and I, Hatzilygeroudis},
	date = {2024},
	title = {An ontology-knowledge graph based context representation scheme for robotic problems},
	pages = {1–7},
	booktitle = {Proceedings of the 13th Hellenic Conference on Artificial Intelligence}
}

@misc{kaddour2023ChallengesApplicationsLarge,
	author = {Kaddour, J. and Harris, J. and Mozes, M. and Bradley, H. and R, Raileanu and McHardy, R.},
	date = {2023},
	title = {Challenges and applications of large language models},
	note = {arXiv preprint arXiv:2307.10169 .},
	arxiv = {2307.10169}
}

@misc{karakostas2016DemCareExperiments,
	author = {Karakostas, A. and Briassouli, A. and Avgerinakis, K. and I, Kompatsiaris and Tsolaki, M.},
	date = {2016},
	title = {The dem@ care experiments and datasets: a technical report},
	note = {arXiv preprint arXiv:1701.01142 .},
	arxiv = {1701.01142}
}

@article{keet2019AfricanWildlifeOntology,
	author = {Keet, C.M.},
	date = {2019},
	title = {The african wildlife ontology tutorial ontologies},
	volume = {11},
	journal = {Journal of Biomedical Semantics}
}

@misc{keet2019ClaroDataDriven,
	author = {Keet, C.M. and Z, Mahlaza and Antia, M.J.},
	date = {2019},
	title = {Claro: a data-driven cnl for specifying competency questions},
	note = {arXiv preprint arXiv:1907.07378 .},
	arxiv = {1907.07378}
}

@article{kelly2014PeerReviewIn,
	author = {Kelly, J. and T, Sadeghieh and Adeli, K.},
	date = {2014},
	title = {Peer review in scientific publications: benefits, critiques, & a survival guide},
	volume = {25},
	pages = {227},
	journal = {Ejifcc},
	number = {3}
}

@inproceedings{kholmska2024EnhancingOntologyEngineering,
	author = {Kholmska, G. and K, Kenda and Rozanec, J.},
	date = {2024},
	title = {Enhancing ontology engineering with LLMs: From search to active learning extensions},
	booktitle = {Proceedings of Data Mining and Data Warehauses – Sikdd 2024}
}

@article{kitchenham2009SystematicLiteratureReviews,
	author = {Kitchenham, B. and Brereton, O.P. and Budgen, D. and Turner, M. and J, Bailey and Linkman, S.},
	date = {2009},
	title = {Systematic literature reviews in software engineering–a systematic literature review},
	volume = {51},
	pages = {7–15},
	journal = {Information and software technology},
	number = {1}
}

@article{kotis2020OntologyEngineeringMethodologies,
	author = {Kotis, K.I. and GA, Vouros and Spiliotopoulos, D.},
	date = {2020},
	title = {Ontology engineering methodologies for the evolution of living and reused ontologies: status, trends, findings and recommendations},
	volume = {35},
	pages = {4},
	journal = {The Knowledge Engineering Review}
}

@inproceedings{lippolis2024OntogeniaOntologyGeneration,
	author = {Lippolis, A.S. and Ceriani, M. and S, Zuppiroli and Nuzzolese, A.G.},
	date = {2024},
	title = {Ontogenia: Ontology generation with metacognitive prompting in large language models},
	publisher = {Springer},
	pages = {259–265},
	booktitle = {European Semantic Web Conference}
}

@misc{lippolis2025OntologyGenerationUsing,
	author = {Lippolis, A.S. and Saeedizade, M.J. and Keskisärkkä, R. and Zuppiroli, S. and Ceriani, M. and Gangemi, A. and E, Blomqvist and Nuzzolese, A.G.},
	date = {2025},
	title = {Ontology generation using large language models},
	note = {arXiv preprint arXiv:2503.05388 .},
	arxiv = {2503.05388}
}

@inproceedings{lisena2022CapturingSemanticsSmell,
	author = {Lisena, P. and Schwabe, D. and Erp, M. and Troncy, R. and Tullett, W. and Leemans, I. and L, Marx and Ehrich, S.C.},
	date = {2022},
	title = {Capturing the semantics of smell: the odeuropa data model for olfactory heritage information},
	publisher = {Springer},
	pages = {387–405},
	booktitle = {European Semantic Web Conference}
}

@inproceedings{liu2025OntotuneOntologyDriven,
	author = {Liu, Z. and Gan, C. and Wang, J. and Zhang, Y. and Bo, Z. and Sun, M. and H, Chen and Zhang, W.},
	date = {2025},
	title = {OntoTune: Ontology-driven self-training for aligning large language models},
	pages = {119–133},
	booktitle = {Proceedings of the ACM on Web Conference}
}

@article{liu2025ReducingHallucinationsLarge,
	author = {Liu, Y. and Yang, Q. and Tang, J. and Guo, T. and Wang, C. and Li, P. and Xu, S. and Gao, X. and Li, Z. and J, Liu},
	date = {2025},
	title = {Reducing hallucinations of large language models via hierarchical semantic piece},
	volume = {11},
	pages = {1–19},
	journal = {Complex & Intelligent Systems},
	number = {5}
}

@inproceedings{lmv2024UseLargeLanguage,
	author = {LMV, Silva and A, Kocher and F, Gehlhoff and A, Fay},
	date = {2024},
	title = {On the use of large language models to generate capability ontologies},
	pages = {1–8},
	booktitle = {2024 IEEE 29th International Conference on Emerging Technologies and Factory Automation (ETFA). IEEE}
}

@misc{lo2024EndEndOntology,
	author = {Lo, A. and Jiang, A.Q. and W, Li and Jamnik, M.},
	date = {2024},
	title = {End-to-end ontology learning with large language models},
	note = {arXiv preprint arXiv:2410.23584 .},
	arxiv = {2410.23584}
}

@inproceedings{m2016OntologiesKnowledgeGraphs,
	author = {M, Krötzsch and V, Thost},
	date = {2016},
	title = {Ontologies for knowledge graphs: Breaking the rules},
	publisher = {Springer},
	pages = {376–392},
	booktitle = {The Semantic Web–ISWC 2016: 15th International Semantic Web Conference},
	type = {Proceedings, Part I 15.},
	address = {Kobe, Japan}
}

@inproceedings{mai2024DoLlmsReally,
	author = {Mai, H.T. and CX, Chu and Paulheim, H.},
	date = {2024},
	title = {Do LLMs really adapt to domains? an ontology learning perspective},
	publisher = {Springer},
	pages = {126–143},
	booktitle = {International Semantic Web Conference}
}

@inproceedings{masa2022OntologyBasedModelling,
	author = {Masa, P. and Meditskos, G. and Kintzios, S. and S, Vrochidis and Kompatsiaris, I.},
	date = {2022},
	title = {Ontology-based modelling and reasoning for forest fire emergencies in resilient societies},
	pages = {1–9},
	booktitle = {Proceedings of the 12th Hellenic Conference on Artificial Intelligence}
}

@inproceedings{mc2008TowardsGlossaryActivities,
	author = {MC, Suárez-Figueroa and A, Gómez-Pérez},
	date = {2008},
	title = {Towards a glossary of activities in the ontology engineering field},
	publisher = {European Language Resources Association (ELRA},
	isbn = {2-9517408-4-0},
	url = {Http://www.lrecconf.org/proceedings/lrec2008/.},
	booktitle = {Proceedings of the Sixth International Conference on Language Resources and Evaluation (LREC’08},
	address = {Marrakech, Morocco}
}

@article{mienye2024RecurrentNeuralNetworks,
	author = {Mienye, I.D. and TG, Swart and Obaido, G.},
	date = {2024},
	title = {Recurrent neural networks: A comprehensive review of architectures, variants, and applications},
	volume = {15},
	pages = {517},
	journal = {Information},
	number = {9}
}

@article{miller1995WordnetLexicalDatabase,
	author = {Miller, G.A.},
	date = {1995},
	title = {Wordnet: a lexical database for english},
	volume = {38},
	pages = {39–41},
	journal = {Communications of the ACM},
	number = {11}
}

@inproceedings{mj2023AutomatingGenerationCompetency,
	author = {MJ, Antia and CM, Keet},
	date = {2023},
	title = {Automating the generation of competency questions for ontologies with agocqs},
	publisher = {Springer},
	pages = {213–227},
	booktitle = {Iberoamerican Knowledge Graphs and Semantic Web Conference}
}

@inproceedings{mj2024NavigatingOntologyDevelopment,
	author = {MJ, Saeedizade and E, Blomqvist},
	date = {2024},
	title = {Navigating ontology development with large language models},
	publisher = {Springer},
	pages = {143–161},
	doi = {10.1007/978-3-031-60626-7_8.},
	booktitle = {European Semantic Web Conference}
}

@article{mukanova2024LlmPoweredNatural,
	author = {Mukanova, A. and Milosz, M. and Dauletkaliyeva, A. and Nazyrova, A. and Yelibayeva, G. and D, Kuzin and Kussepova, L.},
	date = {2024},
	title = {LLM-powered natural language text processing for ontology enrichment},
	volume = {14},
	doi = {10.3390/app14135860.},
	url = {https://www.mdpi.com/2076-3417/14/13/5860.},
	journal = {Applied Sciences},
	number = {13}
}

@misc{nakano2021WebgptBrowserAssisted,
	title = {Webgpt: Browser-assisted question-answerign with human feedback},
	author = {Nakano, R. and Hilton, J. and Balaji, S. and Wu, J. and Ouyang, L. and Kim, C. and Hesse, C. and Jain, S. and Kosaraju, V. and W, Saunders},
	date = {2021},
	note = {Webgpt: Browser-assisted question-answering with human feedback. arXiv preprint arXiv:2112.09332 .},
	arxiv = {2112.09332}
}

@misc{norouzi2023ConversationalOntologyAlignment,
	author = {Norouzi, S.S. and MS, Mahdavinejad and Hitzler, P.},
	date = {2023},
	title = {Conversational ontology alignment with chatgpt},
	note = {arXiv preprint arXiv:2308.09217 .},
	arxiv = {2308.09217}
}

@misc{o2024ExploringLargeLanguage,
	author = {O, Perera and J, Liu},
	date = {2024},
	title = {Exploring large language models for ontology learning}
}

@inproceedings{p2023OntologyEngineeringWith,
	author = {P, Mateiu and A, Groza},
	date = {2023},
	title = {Ontology engineering with large language models},
	pages = {226–229},
	booktitle = {2023 25th International Symposium on Symbolic and Numeric Algorithms for Scientific Computing (SYNASC). IEEE}
}

@inproceedings{panov2008OntodmOntologyData,
	author = {Panov, P. and S, Džeroski and Soldatova, L.},
	date = {2008},
	title = {Ontodm: An ontology of data mining},
	pages = {752–760},
	booktitle = {2008 IEEE International Conference on Data Mining Workshops. IEEE}
}

@misc{petroni2019LanguageModelsAs,
	title = {Language models as knowledge bases?},
	author = {Petroni, F. and Rocktäschel, T. and Lewis, P. and Bakhtin, A. and Wu, Y. and AH, Miller and Riedel, S.},
	date = {2019},
	note = {Language models as knowledge bases? arXiv preprint arXiv:1909.01066 .},
	arxiv = {1909.01066}
}

@article{pinto2004DiligentTowardsFine,
	author = {Pinto, H.S. and S, Staab and Tempich, C.},
	date = {2004},
	title = {Diligent: Towards a fine-grained methodology for distributed, looselycontrolled and evolving engineering of ontologies},
	volume = {16},
	pages = {393},
	journal = {ECAI}
}

@incollection{pisu2024LeveragingLanguageModels,
	author = {Pisu, A. and Pompianu, L. and Salatino, A. and Osborne, F. and Riboni, D. and E, Motta and Recupero, D.R.},
	date = {2024},
	title = {Leveraging language models for generating ontologies of research topics},
	url = {https://ceur-ws.org/Vol-3747/text2kg%5fpaper6.pdf.},
	booktitle = {Text2KG 2024: International Workshop on Knowledge Graph Generation from Text URL}
}

@article{povedavillalón2014Oops,
	author = {Poveda-Villalón, M. and A, Gómez-Pérez and Suárez-Figueroa, M.C.},
	date = {2014},
	title = {Oops! (ontology pitfall scanner!): An on-line tool for ontology evaluation},
	volume = {10},
	pages = {7–34},
	doi = {10.4018/ijswis.2014040102.},
	url = {https://doi.org/10.4018/ijswis.2014040102.},
	journal = {Int. J. Semantic Web Inf. Syst},
	number = {2}
}

@article{povedavillalón2022LotIndustrialOriented,
	author = {Poveda-Villalón, M. and Fernández-Izquierdo, A. and M, Fernández-López and García-Castro, R.},
	date = {2022},
	title = {Lot: An industrial oriented ontology engineering framework},
	volume = {111},
	pages = {104755},
	doi = {10.1016/j.engappai.2022.104755.},
	journal = {Engineering Applications of Artificial Intelligence}
}

@article{queirós2017StrengthsLimitationsQualitative,
	author = {Queirós, A. and D, Faria and Almeida, F.},
	date = {2017},
	title = {Strengths and limitations of qualitative and quantitative research methods},
	journal = {European journal of education studies}
}

@misc{r2025EnhancingLargeLanguage,
	author = {R, Idelfonso Magana Vsevolodovna and M, Monti},
	date = {2025},
	title = {Enhancing large language models through neuro-symbolic integration and ontological reasoning},
	note = {arXiv e-prints : arXiv–2504.}
}

@misc{radford2018ImprovingLanguageUnderstanding,
	author = {Radford, A. and Narasimhan, K. and T, Salimans and Sutskever, I.},
	date = {2018},
	title = {Improving language understanding by generative pre-training}
}

@misc{radford2019LanguageModelsAre,
	author = {Radford, A. and Wu, J. and Child, R. and Luan, D. and D, Amodei and Sutskever, I.},
	date = {2019},
	title = {Language models are unsupervised multitask learners},
	url = {https://cdn.openai.com/better-language-models/language_}
}

@inproceedings{rebboud2024BenchmarkingLlmBased,
	author = {Rebboud, Y. and Lisena, P. and L, Tailhardat and Troncy, R.},
	date = {2024},
	title = {Benchmarking llm-based ontology conceptualization: A proposal},
	booktitle = {ISWC 2024, 23rd International Semantic Web Conference}
}

@inproceedings{rebboud2024CanLlmsGenerate,
	author = {Rebboud, Y. and Tailhardat, L. and P, Lisena and Troncy, R.},
	date = {2024},
	title = {Can llms generate competency questions?},
	booktitle = {ESWC 2024, Extended Semantic Web Conference}
}

@article{rumelhart1986LearningRepresentationsBy,
	author = {Rumelhart, D.E. and GE, Hinton and Williams, R.J.},
	date = {1986},
	title = {Learning representations by back-propagating errors},
	volume = {323},
	pages = {533–536},
	journal = {nature},
	number = {6088}
}

@article{s1997LongShortTerm,
	author = {S, Hochreiter and J, Schmidhuber},
	date = {1997},
	title = {Long short-term memory},
	volume = {9},
	pages = {1735–1780},
	journal = {Neural computation},
	number = {8}
}

@inproceedings{s2023OlalaOntologyMatching,
	author = {S, Hertling and H, Paulheim},
	date = {2023},
	title = {Olala: Ontology matching with large language models},
	pages = {131–139},
	booktitle = {Proceedings of the 12th Knowledge Capture Conference}
}

@article{sahbi2024AutomaticOntologyPopulation,
	author = {Sahbi, A. and C, Alec and Beust, P.},
	date = {2024},
	title = {Automatic ontology population from textual advertisements: LLM vs. semantic approach},
	volume = {246},
	pages = {3083–3092},
	journal = {Procedia Computer Science}
}

@misc{servantez2024ChainLogicRule,
	author = {Servantez, S. and Barrow, J. and K, Hammond and Jain, R.},
	date = {2024},
	title = {Chain of logic: Rule-based reasoning with large language models},
	note = {arXiv preprint arXiv:2402.10400 .},
	arxiv = {2402.10400}
}

@misc{singh2023AssessingGpt4V,
	title = {Assessing GPT4-v on structure reasoning tasks},
	author = {Singh, M. and Cambronero, J. and Gulwani, S. and V, Le and Verbruggen, G.},
	date = {2023},
	note = {Assessing gpt4-v on structured reasoning tasks. arXiv preprint arXiv:2312.11524 .},
	arxiv = {2312.11524}
}

@article{sk2014HermeneuticApproachConducting,
	author = {SK, Boell and D, Cecez-Kecmanovic},
	date = {2014},
	title = {A hermeneutic approach for conducting literature reviews and literature searches},
	volume = {34},
	pages = {12},
	journal = {Communications of the Association for information Systems},
	number = {1}
}

@article{staab2001KnowledgeProcessesOntologies,
	author = {Staab, S. and Studer, R. and HP, Schnurr and Sure, Y.},
	date = {2001},
	title = {Knowledge processes and ontologies},
	volume = {16},
	pages = {26–34},
	journal = {IEEE Intelligent systems},
	number = {1}
}

@article{staab2004OwlWebOntology,
	author = {Staab, S. and Studer, R. and G, Antoniou and Harmelen, F.},
	date = {2004},
	title = {OWL Web Ontology Language},
	volume = {9781605660264},
	pages = {1–1},
	doi = {10.1145/1295289.1295290.},
	journal = {Ubiquity. Springer. ISBN}
}

@article{studer1998KnowledgeEngineeringPrinciples,
	author = {Studer, R. and VR, Benjamins and Fensel, D.},
	date = {1998},
	title = {Knowledge engineering: Principles and methods},
	volume = {25},
	pages = {161–197},
	journal = {Data & knowledge engineering},
	number = {1-2}
}

@inproceedings{suarezfigueroa2009HowWriteUse,
	author = {Suárez-Figueroa, M.C. and A, Gómez-Pérez and Villazón-Terrazas, B.},
	date = {2009},
	title = {How to write and use the ontology requirements specification document},
	publisher = {Proceedings},
	pages = {966–982},
	booktitle = {On the Move to Meaningful Internet Systems: OTM 2009: Confederated International Conferences, CoopIS, DOA, IS, and ODBASE 2009},
	address = {Vilamoura, Portugal}
}

@misc{suarezfigueroa2012NeonMethodologyOntology,
	author = {Suárez-Figueroa, M.C. and A, Gómez-Pérez and Fernández-López, M.},
	date = {2012},
	title = {The neon methodology for ontology engineering},
	url = {9–34DOI:10.1007/978-3-642-24794-1_2.}
}

@inproceedings{tailhardat2024NoriaOOntology,
	author = {Tailhardat, L. and Y, Chabot and Troncy, R.},
	date = {2024},
	title = {Noria-o: an ontology for anomaly detection and incident management in ict systems},
	publisher = {Springer},
	pages = {21–39},
	booktitle = {European Semantic Web Conference}
}

@incollection{tan2024SemanticInteroperabilityUsing,
	author = {Tan, H. and Kebede, R. and A, Moscati and Johansson, P.},
	date = {2024},
	title = {Semantic interoperability using ontologies and standards for building product properties},
	pages = {– , 23–35},
	booktitle = {12th Linked Data in Architecture and Construction Workshop},
	address = {Bochum, Germany}
}

@inproceedings{tang2023DomainKnowledgeDistillation,
	author = {Tang, Y. and Costa, A.A.B. and Zhang, X. and Patrick, I. and S, Khastgir and Jennings, P.},
	date = {2023},
	title = {Domain knowledge distillation from large language model: An empirical study in the autonomous driving domain},
	pages = {3893–3900},
	booktitle = {2023 IEEE 26th International Conference on Intelligent Transportation Systems (ITSC). IEEE}
}

@misc{team2024GeminiFamilyHighly,
	author = {Team, G. and Anil, R. and Borgeaud, S. and Wu, Y. and Alayrac, J. and Yu, J. and Soricut, R. and Schalkwyk, J. and Dai, A. and A, Hauth},
	date = {2024},
	title = {Gemini: A family of highly capable multimodal models},
	note = {arXiv preprint arXiv:2312.11805 .},
	arxiv = {2312.11805}
}

@inproceedings{tian2023EnhancingOntologyTranslation,
	author = {Tian, M. and Giunchiglia, F. and Song, R. and X, Chen and Xu, H.},
	date = {2023},
	title = {Enhancing ontology translation through cross-lingual agreement},
	pages = {1–5},
	booktitle = {ICASSP 2023-2023 IEEE International Conference on Acoustics, Speech and Signal Processing (ICASSP). IEEE}
}

@article{toro2024DynamicRetrievalAugmented,
	author = {Toro, S. and Anagnostopoulos, A.V. and Bello, S.M. and Blumberg, K. and Cameron, R. and Carmody, L. and Diehl, A.D. and Dooley, D.M. and Duncan, W.D. and P, Fey},
	date = {2024},
	title = {Dynamic retrieval augmented generation of ontologies using artificial intelligence (dragon-ai},
	volume = {15},
	pages = {19},
	journal = {Journal of Biomedical Semantics},
	number = {1}
}

@misc{touvron2023LlamaOpenEfficient,
	author = {Touvron, H. and Lavril, T. and Izacard, G. and Martinet, X. and Lachaux, M.A. and Lacroix, T. and Rozière, B. and Goyal, N. and Hambro, E. and F, Azhar},
	date = {2023},
	title = {Llama: Open and efficient foundation language models},
	note = {arXiv preprint arXiv:2302.13971 .},
	arxiv = {2302.13971}
}

@article{treviso2023EfficientMethodsNatural,
	author = {Treviso, M. and Lee, J.U. and Ji, T. and Bv, Aken and Cao, Q. and Ciosici, M.R. and Hassid, M. and Heafield, K. and Hooker, S. and C, Raffel},
	date = {2023},
	title = {Efficient methods for natural language processing: A survey},
	volume = {11},
	pages = {826–860},
	journal = {Transactions of the Association for Computational Linguistics}
}

@article{tsaneva2024LlmDrivenOntology,
	author = {Tsaneva, S. and S, Vasic and Sabou, M.},
	date = {2024},
	title = {Llm-driven ontology evaluation: Verifying ontology restrictions with chatgpt},
	journal = {The Semantic Web: ESWC Satellite Events}
}

@inproceedings{tufek2024ValidatingSemanticArtifacts,
	author = {Tufek, N. and A, Saissre and Hanbury, A.},
	date = {2024},
	title = {Validating semantic artifacts with large language models},
	publisher = {Krete},
	pages = {24–30},
	booktitle = {Proceedings of the 21th European Semantic Web Conference (ESWC},
	address = {Greece}
}

@inproceedings{vaithilingam2022ExpectationVs,
	author = {Vaithilingam, P. and T, Zhang and Glassman, E.L.},
	date = {2022},
	title = {Expectation vs. experience: Evaluating the usability of code generation tools powered by large language models},
	pages = {1–7},
	booktitle = {Chi conference on human factors in computing systems extended abstracts}
}

@article{vaswani2017AttentionIsAll,
	author = {Vaswani, A. and Shazeer, N. and Parmar, N. and Uszkoreit, J. and Jones, L. and Gomez, A.N. and Ł, Kaiser and Polosukhin, I.},
	date = {2017},
	title = {Attention is all you need},
	volume = {30},
	journal = {Advances in neural information processing systems}
}

@inproceedings{volz2007TowardsOntologyBased,
	author = {Volz, R. and J, Kleb and Mueller, W.},
	date = {2007},
	title = {Towards ontology-based disambiguation of geographical identifiers},
	editor = {Bouquet, P. and Stoermer, H. and G, Tummarello and Halpin, H.},
	volume = {249},
	pages = {–},
	note = {URL},
	url = {https://ceur-ws.org/Vol-249/submission_132.pdf.},
	booktitle = {Proceedings of the WWW2007 Workshop I3 : Identity, Identifiers, Identification, Entity-Centric Approaches to Information and Knowledge Management on the Web},
	address = {Banff, Canada}
}

@article{wei2022ChainThoughtPrompting,
	author = {Wei, J. and Wang, X. and Schuurmans, D. and Bosma, M. and Xia, F. and Chi, E. and Le, Q.V. and D, Zhou},
	date = {2022},
	title = {Chain-of-thought prompting elicits reasoning in large language models},
	volume = {35},
	pages = {24824–24837},
	journal = {Advances in neural information processing systems}
}

@misc{west2021SymbolicKnowledgeDistillation,
	author = {West, P. and Bhagavatula, C. and Hessel, J. and Hwang, J.D. and Jiang, L. and Bras, R.L. and Lu, X. and S, Welleck and Choi, Y.},
	date = {2021},
	title = {Symbolic knowledge distillation: from general language models to commonsense models},
	note = {arXiv preprint arXiv:2110.07178 .},
	arxiv = {2110.07178}
}

@inproceedings{wu2023MultimodalLargeLanguage,
	author = {Wu, J. and Gan, W. and Chen, Z. and S, Wan and Yu, P.S.},
	date = {2023},
	title = {Multimodal large language models: A survey},
	pages = {2247–2256},
	booktitle = {2023 IEEE International Conference on Big Data (BigData). IEEE}
}

@misc{wu2024ContinualLearningLarge,
	author = {Wu, T. and Luo, L. and Li, Y.F. and Pan, S. and TT, Vu and Haffari, G.},
	date = {2024},
	title = {Continual learning for large language models: A survey},
	note = {arXiv preprint arXiv:2402.01364 .},
	arxiv = {2402.01364}
}

@misc{xie2023SurveyBiomedicalText,
	author = {Xie, Q. and Luo, Z. and B, Wang and Ananiadou, S.},
	date = {2023},
	title = {A survey for biomedical text summarization: From pre-trained to large language models},
	note = {arXiv preprint arXiv:2304.08763 .},
	arxiv = {2304.08763}
}

@article{xu2025AreLargeLanguage,
	author = {Xu, F. and Lin, Q. and Han, J. and Zhao, T. and J, Liu and Cambria, E.},
	date = {2025},
	title = {Are large language models really good logical reasoners? a comprehensive evaluation and beyond},
	journal = {IEEE Transactions on Knowledge and Data Engineering}
}

@article{yang2023LargeLanguageModels,
	author = {Yang, R. and Tan, T.F. and Lu, W. and Thirunavukarasu, A.J. and DSW, Ting and Liu, N.},
	date = {2023},
	title = {Large language models in health care: Development, applications, and challenges},
	volume = {2},
	pages = {255–263},
	journal = {Health Care Science},
	number = {4}
}

@inproceedings{zamazal2024TowardsPatternBased,
	author = {Zamazal, O.},
	date = {2024},
	title = {Towards pattern-based complex ontology matching using sparql and llm},
	booktitle = {Proceedings of the 20th International Conference on Semantic Systems (SEMANTiCS 2024), SEMANTiCS},
	address = {Amsterdam, Netherlands}
}

@misc{zhang2023MultimodalChainThought,
	author = {Zhang, Z. and Zhang, A. and Li, M. and Zhao, H. and G, Karypis and Smola, A.},
	date = {2023},
	title = {Multimodal chain-of-thought reasoning in language models},
	note = {arXiv preprint arXiv:2302.00923 .},
	arxiv = {2302.00923}
}

@inproceedings{zhang2024FastAdaptationVia,
	author = {Zhang, Y. and Yang, H. and H, Wang and Zhao, J.},
	date = {2024},
	title = {Fast adaptation via prompted data: An efficient cross-domain fine-tuning method for large language models},
	pages = {–},
	booktitle = {Proceedings of the 2024 Joint International Conference on Computational Linguistics, Language Resources and Evaluation}
}

@misc{zhang2024MmLlmsRecent,
	author = {Zhang, D. and Yu, Y. and Dong, J. and Li, C. and Su, D. and C, Chu and Yu, D.},
	date = {2024},
	title = {Mm-llms: Recent advances in multimodal large language models},
	note = {arXiv preprint arXiv:2401.13601 .},
	arxiv = {2401.13601}
}

@article{zhang2025OntochatFrameworkConversational,
	author = {Zhang, B. and Carriero, V.A. and Schreiberhuber, K. and Tsaneva, S. and González, L.S. and J, Kim and Berardinis, J. and A, Meroño Peñuela and O, Corcho and P, Groth and E, Simperl and V, Tamma and AG, Nuzzolese and M, Poveda-Villalón and M, Sabou and Presutti},
	date = {2025},
	title = {Ontochat: A framework for conversational ontology engineering using language models},
	editor = {V, Celino I. and A, Revenko and J, Raad and B, Sartini and P, Lisena},
	publisher = {Springer Nature Switzerland},
	pages = {102–121},
	journal = {The Semantic Web: ESWC 2024 Satellite Events},
	address = {Cham}
}

@article{zhao2024ExplainabilityLargeLanguage,
	author = {Zhao, H. and Chen, H. and Yang, F. and Liu, N. and Deng, H. and Cai, H. and Wang, S. and D, Yin and Du, M.},
	date = {2024},
	title = {Explainability for large language models: A survey},
	volume = {15},
	pages = {1–38},
	journal = {ACM Transactions on Intelligent Systems and Technology},
	number = {2}
}

