/home/upal/References/bibliography.bib